@Article{Drake_2015,
  doi = {10.1371/journal.pbio.1002056},
  url = {http://dx.doi.org/10.1371/journal.pbio.1002056},
  year = {2015},
  month = {jan},
  publisher = {Public Library of Science ({PLoS})},
  volume = {13},
  number = {1},
  pages = {e1002056},
  author = {John M. Drake and RajReni B. Kaul and Laura W. Alexander and Suzanne M. O'Regan and Andrew M. Kramer and J. Tomlin Pulliam and Matthew J. Ferrari and Andrew W. Park},
  editor = {Steven Riley},
  title = {Ebola Cases and Health System Demand in Liberia},
  journal = {{PLOS} Biology},
}
